@article{RN100,
  author  = "Sapova, Mariia D and Fedorov, Aleksey K",
  title   = "Variational quantum eigensolver techniques for simulating carbon monoxide oxidation",
  journal = "Communications Physics",
  volume  = "5",
  number  = "1",
  pages   = "199",
  issn    = "2399-3650",
  year    = "2022",
  type    = "Journal Article"
}

@article{2NDQ1,
  author  = "Stewart, Robert F",
  title   = "Small Gaussian expansions of Slater‐type orbitals",
  journal = "The Journal of Chemical Physics",
  volume  = "52",
  number  = "1",
  pages   = "431–438",
  issn    = "0021-9606",
  year    = "1970",
  type    = "Journal Article"
}

@article{FMO4,
  author  = "Fedorov, Dmitri G and Kitaura, Kazuo",
  title   = "Coupled-cluster theory based upon the fragment molecular-orbital method",
  journal = "The Journal of chemical physics",
  volume  = "123",
  number  = "13",
  issn    = "0021-9606",
  year    = "2005",
  type    = "Journal Article"
}

@article{2NDQ3,
  author  = "Fermann, Justin T and Valeev, Edward F",
  title   = "Fundamentals of molecular integrals evaluation",
  journal = "arXiv preprint arXiv:2007.12057",
  year    = "2020",
  type    = "Journal Article"
}

@article{LiCOO21,
  author  = "Hertz, Julian T and Huang, Qiang and Mcqueen, Tm and Klimczuk, Tomasz and Bos, JWG and Viciu, Liliana and Cava, Robert J",
  title   = "Magnetism and structure of Li x Co O 2 and comparison to Na x Co O 2",
  journal = "Physical Review B—Condensed Matter and Materials Physics",
  volume  = "77",
  number  = "7",
  pages   = "075119",
  issn    = "1550-235X",
  year    = "2008",
  type    = "Journal Article"
}

@article{VQE4,
  author  = "Tilly, Jules and Chen, Hongxiang and Cao, Shuxiang and Picozzi, Dario and Setia, Kanav and Li, Ying and Grant, Edward and Wossnig, Leonard and Rungger, Ivan and Booth, George H",
  title   = "The variational quantum eigensolver: a review of methods and best practices",
  journal = "Physics Reports",
  volume  = "986",
  pages   = "1–128",
  issn    = "0370-1573",
  year    = "2022",
  type    = "Journal Article"
}

@article{FMOVQE,
  author  = "Lim, Hocheol and Kang, Doo Hyung and Kim, Jeonghoon and Pellow-Jarman, Aidan and McFarthing, Shane and Pellow-Jarman, Rowan and Jeon, Hyeon-Nae and Oh, Byungdu and Rhee, June-Koo Kevin and No, Kyoung Tai",
  title   = "Fragment molecular orbital-based variational quantum eigensolver for quantum chemistry in the age of quantum computing",
  journal = "Scientific reports",
  volume  = "14",
  number  = "1",
  pages   = "2422",
  issn    = "2045-2322",
  year    = "2024",
  type    = "Journal Article"
}

@book{VQE3,
  author    = "Sharkey, Keeper L and Chancé, Alain and Khan, Alex",
  title     = "Quantum Chemistry and Computing for the Curious: Illustrated with Python and Qiskit® code",
  publisher = "Packt Publishing Ltd",
  isbn      = "1803238593",
  year      = "2022",
  type      = "Book"
}

@article{RN110,
  author  = "Sugisaki, Kenji and Nakano, Tatsuya and Mochizuki, Yuji",
  title   = "Size‐consistency and orbital‐invariance issues revealed by VQE‐UCCSD calculations with the FMO scheme",
  journal = "Journal of Computational Chemistry",
  volume  = "45",
  number  = "26",
  pages   = "2204–2213",
  issn    = "0192-8651",
  year    = "2024",
  type    = "Journal Article"
}

@article{RN117,
  author  = "Lyu, Yingchun and Wu, Xia and Wang, Kai and Feng, Zhijie and Cheng, Tao and Liu, Yang and Wang, Meng and Chen, Riming and Xu, Leimin and Zhou, Jingjing",
  title   = "An overview on the advances of LiCoO2 cathodes for lithium‐ion batteries",
  journal = "Advanced Energy Materials",
  volume  = "11",
  number  = "2",
  pages   = "2000982",
  issn    = "1614-6832",
  year    = "2021",
  type    = "Journal Article"
}

@article{RN118,
  author  = "Li, Guobao and Zhou, Si and Wang, Peng and Zhao, Jijun",
  title   = "Halogen-doping in LiCoO 2 cathode materials for Li-ion batteries: insights from ab initio calculations",
  journal = "RSC advances",
  volume  = "5",
  number  = "130",
  pages   = "107326–107332",
  year    = "2015",
  type    = "Journal Article"
}

@article{RN120,
  author  = "Fedorov, Dmitry A and Peng, Bo and Govind, Niranjan and Alexeev, Yuri",
  title   = "VQE method: a short survey and recent developments",
  journal = "Materials Theory",
  volume  = "6",
  number  = "1",
  pages   = "2",
  issn    = "2509-8012",
  year    = "2022",
  type    = "Journal Article"
}

@article{RN125,
  author  = "Lordi, Vincenzo and Nichol, John M",
  title   = "Advances and opportunities in materials science for scalable quantum computing",
  journal = "MRS Bulletin",
  volume  = "46",
  pages   = "589–595",
  issn    = "0883-7694",
  year    = "2021",
  type    = "Journal Article"
}

@article{RN127,
  author  = "Rice, Julia E and Gujarati, Tanvi P and Motta, Mario and Takeshita, Tyler Y and Lee, Eunseok and Latone, Joseph A and Garcia, Jeannette M",
  title   = "Quantum computation of dominant products in lithium–sulfur batteries",
  journal = "The Journal of Chemical Physics",
  volume  = "154",
  number  = "13",
  issn    = "0021-9606",
  year    = "2021",
  type    = "Journal Article"
}

@book{2NDQ2,
  author    = "Jørgensen, Poul",
  title     = "Second quantization-based methods in quantum chemistry",
  publisher = "Elsevier",
  isbn      = "0323141099",
  year      = "2012",
  type      = "Book"
}

@article{RN130,
  author  = "Uttarkar, Akshay and Niranjan, Vidya",
  title   = "A comparative insight into peptide folding with quantum CVaR-VQE algorithm, MD simulations and structural alphabet analysis",
  journal = "Quantum Information Processing",
  volume  = "23",
  number  = "2",
  pages   = "48",
  issn    = "1573-1332",
  year    = "2024",
  type    = "Journal Article"
}

@article{RN131,
  author  = "Tabelin, Carlito Baltazar and Dallas, Jessica and Casanova, Sophia and Pelech, Timothy and Bournival, Ghislain and Saydam, Serkan and Canbulat, Ismet",
  title   = "Towards a low-carbon society: A review of lithium resource availability, challenges and innovations in mining, extraction and recycling, and future perspectives",
  journal = "Minerals Engineering",
  volume  = "163",
  pages   = "106743",
  issn    = "0892-6875",
  year    = "2021",
  type    = "Journal Article"
}

@article{RN133,
  author  = "Tarascon, J-M and Armand, Michel",
  title   = "Issues and challenges facing rechargeable lithium batteries",
  journal = "nature",
  volume  = "414",
  number  = "6861",
  pages   = "359–367",
  issn    = "0028-0836",
  year    = "2001",
  type    = "Journal Article"
}

@article{RN134,
  author  = "He, Wei and Guo, Weibin and Wu, Hualong and Lin, Liang and Liu, Qun and Han, Xiao and Xie, Qingshui and Liu, Pengfei and Zheng, Hongfei and Wang, Laisen",
  title   = "Challenges and recent advances in high capacity Li‐rich cathode materials for high energy density lithium‐ion batteries",
  journal = "Advanced Materials",
  volume  = "33",
  number  = "50",
  pages   = "2005937",
  issn    = "0935-9648",
  year    = "2021",
  type    = "Journal Article"
}

@article{RN135,
  author  = "Arute, Frank and Arya, Kunal and Babbush, Ryan and Bacon, Dave and Bardin, Joseph C and Barends, Rami and Biswas, Rupak and Boixo, Sergio and Brandao, Fernando GSL and Buell, David A",
  title   = "Quantum supremacy using a programmable superconducting processor",
  journal = "Nature",
  volume  = "574",
  number  = "7779",
  pages   = "505–510",
  issn    = "0028-0836",
  year    = "2019",
  type    = "Journal Article"
}

@article{RN136,
  author  = "Pal, Sourav",
  title   = "Use of a unitary wavefunction in the calculation of static electronic properties",
  journal = "Theoretica chimica acta",
  volume  = "66",
  pages   = "207–215",
  issn    = "0040-5744",
  year    = "1984",
  type    = "Journal Article"
}

@article{UCC1,
  author  = "Hoffmann, Mark R and Simons, Jack",
  title   = "A unitary multiconfigurational coupled‐cluster method: Theory and applications",
  journal = "The Journal of chemical physics",
  volume  = "88",
  number  = "2",
  pages   = "993–1002",
  issn    = "0021-9606",
  year    = "1988",
  type    = "Journal Article"
}

@article{RN138,
  author  = "Brooks, Michael",
  title   = "Beyond quantum supremacy: the hunt for useful quantum computers",
  journal = "Nature",
  volume  = "574",
  number  = "7776",
  pages   = "19–22",
  issn    = "0028-0836",
  year    = "2019",
  type    = "Journal Article"
}

@article{RN139,
  author  = "Blunt, NS and Camps, J and Crawford, O and Izsák, R and Leontica, S and Mirani, A and Moylett, AE and Scivier, SA and Sünderhauf, C and Schopf, P",
  title   = "A perspective on the current state-of-the-art of quantum computing for drug discovery applications (2022)",
  journal = "URL: https://arxiv. org/abs/2206.00551. doi",
  volume  = "10",
  type    = "Journal Article"
}

@article{RN140,
  author  = "Alexeev, Yuri and P Mazanetz, Michael and Ichihara, Osamu and G Fedorov, Dmitri",
  title   = "GAMESS as a free quantum-mechanical platform for drug research",
  journal = "Current topics in medicinal chemistry",
  volume  = "12",
  number  = "18",
  pages   = "2013–2033",
  issn    = "1568-0266",
  year    = "2012",
  type    = "Journal Article"
}

@inproceedings{RN47,
  author    = "Mustafa, Hasan and Morapakula, Sai Nandan and Jain, Prateek and Ganguly, Srinjoy",
  title     = "Variational quantum algorithms for chemical simulation and drug discovery",
  booktitle = "2022 International Conference on Trends in Quantum Computing and Emerging Business Technologies (TQCEBT)",
  publisher = "IEEE",
  pages     = "1–8",
  isbn      = "1665453613",
  type      = "Conference Proceedings"
}

@article{RN48,
  author  = "Santagati, Raffaele and Aspuru-Guzik, Alan and Babbush, Ryan and Degroote, Matthias and González, Leticia and Kyoseva, Elica and Moll, Nikolaj and Oppel, Markus and Parrish, Robert M and Rubin, Nicholas C",
  title   = "Drug design on quantum computers",
  journal = "Nature Physics",
  volume  = "20",
  number  = "4",
  pages   = "549–557",
  issn    = "1745-2473",
  year    = "2024",
  type    = "Journal Article"
}

@article{RN50,
  author  = "Cao, Yudong and Romero, Jhonathan and Aspuru-Guzik, Alán",
  title   = "Potential of quantum computing for drug discovery",
  journal = "IBM Journal of Research and Development",
  volume  = "62",
  number  = "6",
  pages   = "6: 1–6: 20",
  issn    = "0018-8646",
  year    = "2018",
  type    = "Journal Article"
}

@article{QPE1,
  author  = "Abrams, Daniel S and Lloyd, Seth",
  title   = "Simulation of many-body Fermi systems on a universal quantum computer",
  journal = "Physical Review Letters",
  volume  = "79",
  number  = "13",
  pages   = "2586",
  year    = "1997",
  type    = "Journal Article"
}

@article{QPE5,
  author  = "Kitaev, A Yu",
  title   = "Quantum measurements and the Abelian stabilizer problem",
  journal = "arXiv preprint quant-ph/9511026",
  year    = "1995",
  type    = "Journal Article"
}

@article{QPE2,
  author  = "Abrams, Daniel S and Lloyd, Seth",
  title   = "Quantum algorithm providing exponential speed increase for finding eigenvalues and eigenvectors",
  journal = "Physical Review Letters",
  volume  = "83",
  number  = "24",
  pages   = "5162",
  year    = "1999",
  type    = "Journal Article"
}

@article{QPE4,
  author  = "Cleve, Richard and Ekert, Artur and Macchiavello, Chiara and Mosca, Michele",
  title   = "Quantum algorithms revisited",
  journal = "Proceedings of the Royal Society of London. Series A: Mathematical, Physical and Engineering Sciences",
  volume  = "454",
  number  = "1969",
  pages   = "339–354",
  issn    = "1364-5021",
  year    = "1998",
  type    = "Journal Article"
}

@article{QPE3,
  author  = "Aspuru-Guzik, Alán and Dutoi, Anthony D and Love, Peter J and Head-Gordon, Martin",
  title   = "Simulated quantum computation of molecular energies",
  journal = "Science",
  volume  = "309",
  number  = "5741",
  pages   = "1704–1707",
  issn    = "0036-8075",
  year    = "2005",
  type    = "Journal Article"
}

@article{RN64,
  author  = "Deglmann, Peter and Schäfer, Ansgar and Lennartz, Christian",
  title   = "Application of quantum calculations in the chemical industry—an overview",
  journal = "International Journal of Quantum Chemistry",
  volume  = "115",
  number  = "3",
  pages   = "107–136",
  issn    = "0020-7608",
  year    = "2015",
  type    = "Journal Article"
}

@article{RN66,
  author  = "Williams-Noonan, Billy J and Yuriev, Elizabeth and Chalmers, David K",
  title   = "Free energy methods in drug design: prospects of “alchemical perturbation” in medicinal chemistry: miniperspective",
  journal = "Journal of medicinal chemistry",
  volume  = "61",
  number  = "3",
  pages   = "638–649",
  issn    = "0022-2623",
  year    = "2018",
  type    = "Journal Article"
}

@book{RN69,
  author    = "Heifetz, Alexander",
  title     = "Quantum mechanics in drug discovery",
  publisher = "Springer",
  volume    = "2114",
  year      = "2020",
  type      = "Book"
}

@article{VQE2,
  author  = "McClean, Jarrod R and Romero, Jonathan and Babbush, Ryan and Aspuru-Guzik, Alán",
  title   = "The theory of variational hybrid quantum-classical algorithms",
  journal = "New Journal of Physics",
  volume  = "18",
  number  = "2",
  pages   = "023023",
  issn    = "1367-2630",
  year    = "2016",
  type    = "Journal Article"
}

@article{VQE1,
  author  = "Peruzzo, Alberto and McClean, Jarrod and Shadbolt, Peter and Yung, Man-Hong and Zhou, Xiao-Qi and Love, Peter J and Aspuru-Guzik, Alán and O’brien, Jeremy L",
  title   = "A variational eigenvalue solver on a photonic quantum processor",
  journal = "Nature communications",
  volume  = "5",
  number  = "1",
  pages   = "4213",
  issn    = "2041-1723",
  year    = "2014",
  type    = "Journal Article"
}

@article{RN75,
  author  = "Mizushima, KJPC and Jones, Philip C and Wiseman, Peter J and Goodenough, John B",
  title   = "LixCoO2 (0< x<-1): A new cathode material for batteries of high energy density",
  journal = "Materials Research Bulletin",
  volume  = "15",
  number  = "6",
  pages   = "783–789",
  issn    = "0025-5408",
  year    = "1980",
  type    = "Journal Article"
}

@article{MAP1,
  author  = "Seeley, Jacob T and Richard, Martin J and Love, Peter J",
  title   = "The Bravyi-Kitaev transformation for quantum computation of electronic structure",
  journal = "The Journal of chemical physics",
  volume  = "137",
  number  = "22",
  issn    = "0021-9606",
  year    = "2012",
  type    = "Journal Article"
}

@article{MAP2,
  author  = "Tranter, Andrew and Love, Peter J and Mintert, Florian and Coveney, Peter V",
  title   = "A comparison of the Bravyi–Kitaev and Jordan–Wigner transformations for the quantum simulation of quantum chemistry",
  journal = "Journal of chemical theory and computation",
  volume  = "14",
  number  = "11",
  pages   = "5617–5630",
  issn    = "1549-9618",
  year    = "2018",
  type    = "Journal Article"
}

@article{UCC2,
  author  = "Lee, Joonho and Huggins, William J and Head-Gordon, Martin and Whaley, K Birgitta",
  title   = "Generalized unitary coupled cluster wave functions for quantum computation",
  journal = "Journal of chemical theory and computation",
  volume  = "15",
  number  = "1",
  pages   = "311–324",
  issn    = "1549-9618",
  year    = "2018",
  type    = "Journal Article"
}

@article{NISQ1,
  author  = "Preskill, John",
  title   = "Quantum computing in the NISQ era and beyond",
  journal = "Quantum",
  volume  = "2",
  pages   = "79",
  year    = "2018",
  type    = "Journal Article"
}

@article{FMO1,
  author  = "Kitaura, Kazuo and Ikeo, Eiji and Asada, Toshio and Nakano, Tatsuya and Uebayasi, Masami",
  title   = "Fragment molecular orbital method: an approximate computational method for large molecules",
  journal = "Chemical Physics Letters",
  volume  = "313",
  number  = "3-4",
  pages   = "701–706",
  issn    = "0009-2614",
  year    = "1999",
  type    = "Journal Article"
}

@article{FMO3,
  author  = "Fedorov, Dmitri G",
  title   = "The fragment molecular orbital method: theoretical development, implementation in GAMESS, and applications",
  journal = "Wiley Interdisciplinary Reviews: Computational Molecular Science",
  volume  = "7",
  number  = "6",
  pages   = "e1322",
  issn    = "1759-0876",
  year    = "2017",
  type    = "Journal Article"
}

@article{FMO2,
  author  = "Fedorov, Dmitri G and Nagata, Takeshi and Kitaura, Kazuo",
  title   = "Exploring chemistry with the fragment molecular orbital method",
  journal = "Physical Chemistry Chemical Physics",
  volume  = "14",
  number  = "21",
  pages   = "7562–7577",
  year    = "2012",
  type    = "Journal Article"
}

@article{AS2,
  author  = "Piecuch, Piotr",
  title   = "Active-space coupled-cluster methods",
  journal = "Molecular Physics",
  volume  = "108",
  number  = "21-23",
  pages   = "2987–3015",
  issn    = "0026-8976",
  year    = "2010",
  type    = "Journal Article"
}

@article{AS1,
  author  = "Olsen, Jeppe",
  title   = "The initial implementation and applications of a general active space coupled cluster method",
  journal = "The Journal of Chemical Physics",
  volume  = "113",
  number  = "17",
  pages   = "7140–7148",
  issn    = "0021-9606",
  year    = "2000",
  type    = "Journal Article"
}

@article{CC1,
  author  = "Bartlett, Rodney J and Musiał, Monika",
  title   = "Coupled-cluster theory in quantum chemistry",
  journal = "Reviews of Modern Physics",
  volume  = "79",
  number  = "1",
  pages   = "291–352",
  issn    = "1539-0756",
  year    = "2007",
  type    = "Journal Article"
}

@article{CC2,
  author  = "Crawford, T Daniel and Schaefer III, Henry F",
  title   = "An introduction to coupled cluster theory for computational chemists",
  journal = "Reviews in computational chemistry",
  volume  = "14",
  pages   = "33–136",
  year    = "2007",
  type    = "Journal Article"
}

@article{RN99,
  author  = "Farag, Marwa H and Ghosh, Joydip",
  title   = "Towards the simulation of transition-metal oxides of the cathode battery materials using VQE methods",
  journal = "arXiv preprint arXiv:2208.07977",
  year    = "2022",
  type    = "Journal Article"
}

@article{FMO10,
  title={Fantasy versus reality in fragment-based quantum chemistry},
  author={Herbert, John M},
  journal={The Journal of chemical physics},
  volume={151},
  number={17},
  year={2019},
  publisher={AIP Publishing}
}

@article{FMO11,
  title={The effective fragment molecular orbital method: Achieving high scalability and accuracy for large systems},
  author={Sattasathuchana, Tosaporn and Xu, Peng and Bertoni, Colleen and Kim, Yu Lim and Leang, Sarom S and Pham, Buu Q and Gordon, Mark S},
  journal={Journal of Chemical Theory and Computation},
  volume={20},
  number={6},
  pages={2445--2461},
  year={2024},
  publisher={ACS Publications}
}

@article{TL1,
  title={Hardware-efficient variational quantum eigensolver for small molecules and quantum magnets},
  author={Kandala, Abhinav and Mezzacapo, Antonio and Temme, Kristan and Takita, Maika and Brink, Markus and Chow, Jerry M and Gambetta, Jay M},
  journal={nature},
  volume={549},
  number={7671},
  pages={242--246},
  year={2017},
  publisher={Nature Publishing Group}
}
@article{TL2,
  title={The effects of quantum hardware properties on the performances of variational quantum learning algorithms},
  author={Buonaiuto, Giuseppe and Gargiulo, Francesco and De Pietro, Giuseppe and Esposito, Massimo and Pota, Marco},
  journal={Quantum Machine Intelligence},
  volume={6},
  number={1},
  pages={9},
  year={2024},
  publisher={Springer}
}